<record><leader>00000cas a22000007a 4500</leader><controlfield tag="001">11935036</controlfield><controlfield tag="008">850418d18uu1911tnuwr ne      0    0eng d</controlfield><datafield ind1=" " ind2=" " tag="010"><subfield code="a">sn 85033394 </subfield></datafield><datafield ind1=" " ind2=" " tag="040"><subfield code="a">NPU</subfield><subfield code="b">eng</subfield><subfield code="c">NPU</subfield><subfield code="d">NPX</subfield><subfield code="d">TGN</subfield><subfield code="d">OCLCQ</subfield><subfield code="d">OCLCF</subfield><subfield code="d">OCLCO</subfield></datafield><datafield ind1="1" ind2=" " tag="029"><subfield code="a">AU@</subfield><subfield code="b">000020379009</subfield></datafield><datafield ind1=" " ind2=" " tag="042"><subfield code="a">msc</subfield></datafield><datafield ind1=" " ind2=" " tag="043"><subfield code="a">n-us-tn</subfield></datafield><datafield ind1="0" ind2="0" tag="245"><subfield code="a">Neal's state gazette.</subfield></datafield><datafield ind1="1" ind2=" " tag="246"><subfield code="i">During 1882 annual conference of the Methodist Episcopal Church, extra editions appeared as:</subfield><subfield code="a">Daily state gazette</subfield></datafield><datafield ind1="3" ind2="0" tag="246"><subfield code="a">State gazette</subfield></datafield><datafield ind1=" " ind2=" " tag="260"><subfield code="a">Dyersburg, Tenn. :</subfield><subfield code="b">Tom W. Neal</subfield></datafield><datafield ind1=" " ind2=" " tag="300"><subfield code="a">v. ;</subfield><subfield code="c">61 cm.</subfield></datafield><datafield ind1=" " ind2=" " tag="310"><subfield code="a">Weekly</subfield></datafield><datafield ind1="1" ind2=" " tag="362"><subfield code="a">Ceased in 1911.</subfield></datafield><datafield ind1=" " ind2=" " tag="500"><subfield code="a">Publishers: Tom W. Neal, &lt;1873&gt;; Sam N. Sidway, &lt;1876-1904&gt;; John C. Rogers, &lt;1906&gt;; John C. Rogers &amp; Harvey A. Nelson, &lt;1911&gt;</subfield></datafield><datafield ind1=" " ind2=" " tag="500"><subfield code="a">Editor: Tom W. Neal, &lt;1876-1904&gt;; Tom W. Neal &amp; John C. Rogers, &lt;1906&gt;; John C. Rogers, &lt;1907&gt;</subfield></datafield><datafield ind1=" " ind2=" " tag="588"><subfield code="a">Description based on: Vol. 8, no. 14 (Mar. 29, 1873).</subfield></datafield><datafield ind1=" " ind2="0" tag="651"><subfield code="a">Dyersburg (Tenn.)</subfield><subfield code="v">Newspapers.</subfield></datafield><datafield ind1=" " ind2="0" tag="651"><subfield code="a">Dyer County (Tenn.)</subfield><subfield code="v">Newspapers.</subfield></datafield><datafield ind1=" " ind2="7" tag="655"><subfield code="a">Newspapers.</subfield><subfield code="2">fast</subfield><subfield code="0">(OCoLC)fst01423814</subfield></datafield><datafield ind1=" " ind2="7" tag="651"><subfield code="a">Tennessee</subfield><subfield code="z">Dyer County.</subfield><subfield code="2">fast</subfield><subfield code="0">(OCoLC)fst01206794</subfield></datafield><datafield ind1=" " ind2="7" tag="651"><subfield code="a">Tennessee</subfield><subfield code="z">Dyersburg.</subfield><subfield code="2">fast</subfield><subfield code="0">(OCoLC)fst01224709</subfield></datafield><datafield ind1="1" ind2=" " tag="700"><subfield code="a">Neal, T. W.</subfield></datafield><datafield ind1=" " ind2=" " tag="752"><subfield code="a">United States</subfield><subfield code="b">Tennessee</subfield><subfield code="c">Dyer</subfield><subfield code="d">Dyersburg.</subfield></datafield><datafield ind1="0" ind2="0" tag="785"><subfield code="t">State gazette (Dyersburg, Tenn. : 1911)</subfield><subfield code="w">(DLC)sn 00063881</subfield></datafield></record>